<record><leader>00000cas a2200000 a 4500</leader><controlfield tag="001">27242877</controlfield><controlfield tag="008">930112d18931893iluwr ne      0   a0eng c</controlfield><datafield ind1=" " ind2=" " tag="010"><subfield code="a">sn 93055372 </subfield></datafield><datafield ind1=" " ind2=" " tag="040"><subfield code="a">NVF</subfield><subfield code="b">eng</subfield><subfield code="c">NVF</subfield><subfield code="d">OCLCQ</subfield><subfield code="d">NVF</subfield><subfield code="d">OCLCQ</subfield><subfield code="d">OCLCF</subfield><subfield code="d">OCLCO</subfield><subfield code="d">NVF</subfield></datafield><datafield ind1=" " ind2=" " tag="042"><subfield code="a">pcc</subfield></datafield><datafield ind1=" " ind2=" " tag="043"><subfield code="a">n-us-il</subfield></datafield><datafield ind1="0" ind2=" " tag="130"><subfield code="a">Local-advocate (Oregon, Ill.)</subfield></datafield><datafield ind1="0" ind2="4" tag="245"><subfield code="a">The local-advocate.</subfield></datafield><datafield ind1="3" ind2=" " tag="246"><subfield code="a">Local advocate</subfield></datafield><datafield ind1=" " ind2=" " tag="260"><subfield code="a">Oregon, Ill. :</subfield><subfield code="b">Rock River Pub. Co.,</subfield><subfield code="c">1893.</subfield></datafield><datafield ind1=" " ind2=" " tag="300"><subfield code="a">v.</subfield></datafield><datafield ind1=" " ind2=" " tag="310"><subfield code="a">Weekly</subfield></datafield><datafield ind1="0" ind2=" " tag="362"><subfield code="a">Vol. 6, no. 6 (Feb. 4, 1893)-v. 6, no. 49 (Dec. 29, 1893).</subfield></datafield><datafield ind1=" " ind2="0" tag="651"><subfield code="a">Oregon (Ill.)</subfield><subfield code="v">Newspapers.</subfield></datafield><datafield ind1=" " ind2="7" tag="651"><subfield code="a">Illinois</subfield><subfield code="z">Oregon.</subfield><subfield code="2">fast</subfield><subfield code="0">(OCoLC)fst01221111</subfield></datafield><datafield ind1=" " ind2="7" tag="655"><subfield code="a">Newspapers.</subfield><subfield code="2">fast</subfield><subfield code="0">(OCoLC)fst01423814</subfield></datafield><datafield ind1=" " ind2=" " tag="752"><subfield code="a">United States</subfield><subfield code="b">Illinois</subfield><subfield code="c">Ogle</subfield><subfield code="d">Oregon.</subfield></datafield><datafield ind1="0" ind2="0" tag="780"><subfield code="t">Ogle County local</subfield><subfield code="w">(DLC)sn 93055371</subfield><subfield code="w">(OCoLC)27242790</subfield></datafield><datafield ind1="0" ind2="0" tag="785"><subfield code="t">Ogle County Republican</subfield><subfield code="w">(DLC)sn 93055373</subfield><subfield code="w">(OCoLC)27242929</subfield></datafield><datafield ind1="1" ind2=" " tag="029"><subfield code="a">AU@</subfield><subfield code="b">000020738716</subfield></datafield></record>